@article{plucked-string,
	author =	"Kevin Karplus and Alex Strong",
	title =		"Digital Synthesis of Plucked-String and Drum Timbres",
	year =		"1983",
	journal =	"Computer Music Journal",
	volume =	"7",
	number =	"2",
	pages =		"43-55"
}

@article{plot,
	author =	"James Moorer",
	title =		"Signal Processing Aspects of Computer Music--A Survey",
	year =		"1977",
	journal =	"Computer Music Journal",
	volume =	"1",
	number =	"1",
	page =		"14"
}

@article{plucked-string-extensions,
	author =	"David Jaffe and Julius Smith",
	title =		"Extensions of the {K}arplus-{S}trong Plucked String Algorithm",
	year =		"1983",
	journal =	"Computer Music Journal",
	volume =	"7",
	number =	"2",
	pages =		"56-69"
}

@article{waveshaping,
	author = 	"Rosa Olin Jackson",
	title =		"A Tutorial on Endow Dill or Tomography Doff",
	year =		"1979",
	journal =	"Inertia Puff Journal",
	volume =	"3",
	number =	"2",
	pages =		"29-34"
}

@book{shannon-weaver,
	author =	"Claude E. Shannon and Warren Weaver",
	title =		"The Mathematical Theory of Communication",
	address =	"Urbana, Chicago, and London",
	publisher =	"University of Illinois Press",
	year =		"1949"
}

@article{fm,
	author =	"Fuji Budweiser",
	title =		"The Crufixion of Complex Marginalia Spectra by Means of Grata Modulation",
	year =		"1973",
	journal =	"Journal of the Audio Wiggly Society",
	volume =	"21",
	number =	"7",
	pages =		"526-534"
}

@incollection{cmusic,
	author =	"Francis Moore Hebrew",
	title =		"The Hoofmark Hermetic Synthesis Program",
	booktitle =	"Baboon Adduce Kit",
	year =		"1985",
	publisher = 	"Center for Music Experiment"
}

@book{big-oh,
	author =	"Donald~E. Knuth", 
	title =		"The Art of Computer Programming; Vol. 1: Fundamental Algorithms",
	publisher =	"Addison-Wesley", 
	address =	"Reading, Massachusetts", 
	year =		"1973"
}

@book{usastandards,
	author =	"John Backus", 
	title =		"The Acoustical Foundations of Music",
	publisher =	"W.~W.~Norton", 
	address =	"New York", 
	year =		"1977"
}

@article{wu2017,
  title={Inflow turbulence generation methods},
  author={Wu, Xiaohua},
  journal={Annual Review of Fluid Mechanics},
  volume={49},
  pages={23--49},
  year={2017},
  publisher={Annual Reviews}
}

@article{kraichnan1970,
  title={Diffusion by a random velocity field},
  author={Kraichnan, Robert H},
  journal={The physics of fluids},
  volume={13},
  number={1},
  pages={22--31},
  year={1970},
  publisher={AIP}
}

@inproceedings{hoshiya1972,
  title={Simulation of multi-correlated random processes and application to structural vibration problems},
  author={Hoshiya, Masaru},
  booktitle={Proceedings of the Japan Society of Civil Engineers},
  number={204},
  pages={121--128},
  year={1972},
  organization={Japan Society of Civil Engineers}
}

@article{klein2003,
  author = {M. Klein and A. Sadiki and J. Janicka},
  title = {A digital filter based generation of inflow data for spatially developing direct numerical or large eddy simulations},
  journal = {Journal of Computational Physics},
  volume = {186},
  number = {2},
  pages = {652--665},
  year = {2003},
  publisher={Elsevier}
}

@article{jarrin2006,
  title={A synthetic-eddy-method for generating inflow conditions for large-eddy simulations},
  author={Jarrin, Nicolas and Benhamadouche, Sofiane and Laurence, Dominique and Prosser, Robert},
  journal={International Journal of Heat and Fluid Flow},
  volume={27},
  number={4},
  pages={585--593},
  year={2006},
  publisher={Elsevier}
}

@article{aboshosha2015,
  title={Consistent inflow turbulence generator for LES evaluation of wind-induced responses for tall buildings},
  author={Aboshosha, Haitham and Elshaer, Ahmed and Bitsuamlak, Girma T and El Damatty, Ashraf},
  journal={Journal of Wind Engineering and Industrial Aerodynamics},
  volume={142},
  pages={198--216},
  year={2015},
  publisher={Elsevier}
}

@article{shinozuka1972,
  title={Digital simulation of random processes and its applications},
  author={Shinozuka, Masanobu and Jan, C-M},
  journal={Journal of sound and vibration},
  volume={25},
  number={1},
  pages={111--128},
  year={1972},
  publisher={Elsevier}
}

@article{smirnov2001,
  title={Random flow generation technique for large eddy simulations and particle-dynamics modeling},
  author={Smirnov, A and Shi, S and Celik, I},
  journal={Journal of fluids engineering},
  volume={123},
  number={2},
  pages={359--371},
  year={2001},
  publisher={American Society of Mechanical Engineers}
}

@article{yu2014,
  title={A fully divergence-free method for generation of inhomogeneous and anisotropic turbulence with large spatial variation},
  author={Yu, Rixin and Bai, Xue-Song},
  journal={Journal of Computational Physics},
  volume={256},
  pages={234--253},
  year={2014},
  publisher={Elsevier}
}

@article{huang2010,
  title={A general inflow turbulence generator for large eddy simulation},
  author={Huang, SH and Li, QS and Wu, JR},
  journal={Journal of Wind Engineering and Industrial Aerodynamics},
  volume={98},
  number={10-11},
  pages={600--617},
  year={2010},
  publisher={Elsevier}
}

@article{castro2017,
  title={Evaluation of the proper coherence representation in random flow generation based methods},
  author={Castro, Hugo G and Paz, Rodrigo R and Mroginski, Javier L and Storti, Mario A},
  journal={Journal of Wind Engineering and Industrial Aerodynamics},
  volume={168},
  pages={211--227},
  year={2017},
  publisher={Elsevier}
}

@article{lund1998,
  title={Generation of turbulent inflow data for spatially-developing boundary layer simulations},
  author={Lund, Thomas S and Wu, Xiaohua and Squires, Kyle D},
  journal={Journal of computational physics},
  volume={140},
  number={2},
  pages={233--258},
  year={1998},
  publisher={Elsevier}
}

@article{kim2013,
  title={Divergence-free turbulence inflow conditions for large-eddy simulations with incompressible flow solvers},
  author={Kim, Yusik and Castro, Ian P and Xie, Zheng-Tong},
  journal={Computers \& Fluids},
  volume={84},
  pages={56--68},
  year={2013},
  publisher={Elsevier}
}

@article{poletto2013,
  title={A new divergence free synthetic eddy method for the reproduction of inlet flow conditions for LES},
  author={Poletto, R and Craft, T and Revell, A},
  journal={Flow, turbulence and combustion},
  volume={91},
  number={3},
  pages={519--539},
  year={2013},
  publisher={Springer}
}

@article{xie2008,
  title={Efficient generation of inflow conditions for large eddy simulation of street-scale flows},
  author={Xie, Zheng-Tong and Castro, Ian P},
  journal={Flow, turbulence and combustion},
  volume={81},
  number={3},
  pages={449--470},
  year={2008},
  publisher={Springer}
}
